<record><leader>00000cas a2200000 a 4500</leader><controlfield tag="001">61704296</controlfield><controlfield tag="008">050924d19001902scuwr ne      0    0eng c</controlfield><datafield ind1=" " ind2=" " tag="010"><subfield code="a">  2012271273</subfield></datafield><datafield ind1=" " ind2=" " tag="040"><subfield code="a">SUC</subfield><subfield code="b">eng</subfield><subfield code="c">SUC</subfield><subfield code="d">OCLCQ</subfield><subfield code="d">SUC</subfield><subfield code="d">OCLCF</subfield></datafield><datafield ind1=" " ind2=" " tag="042"><subfield code="a">pcc</subfield></datafield><datafield ind1=" " ind2=" " tag="043"><subfield code="a">n-us-sc</subfield></datafield><datafield ind1="0" ind2=" " tag="130"><subfield code="a">Scranton news (Scranton, S.C.)</subfield></datafield><datafield ind1="1" ind2="0" tag="245"><subfield code="a">Scranton news.</subfield></datafield><datafield ind1=" " ind2=" " tag="260"><subfield code="a">[Scranton, S.C. :</subfield><subfield code="b">s.n.]</subfield></datafield><datafield ind1=" " ind2=" " tag="300"><subfield code="a">v.</subfield></datafield><datafield ind1=" " ind2=" " tag="310"><subfield code="a">Weekly</subfield></datafield><datafield ind1="1" ind2=" " tag="362"><subfield code="a">Began in 1900; ceased in 1902?</subfield><subfield code="z">Cf. Moore, South Carolina newspapers.</subfield></datafield><datafield ind1=" " ind2=" " tag="530"><subfield code="a">Also available on microfilm.</subfield></datafield><datafield ind1=" " ind2=" " tag="588"><subfield code="a">Description based on: Aug. 8, 1901.</subfield></datafield><datafield ind1=" " ind2=" " tag="588"><subfield code="a">Latest issue consulted: Aug. 8, 1901.</subfield></datafield><datafield ind1=" " ind2="0" tag="651"><subfield code="a">Florence County (S.C.)</subfield><subfield code="v">Newspapers.</subfield></datafield><datafield ind1=" " ind2="7" tag="655"><subfield code="a">Newspapers.</subfield><subfield code="2">fast</subfield><subfield code="0">(OCoLC)fst01423814</subfield></datafield><datafield ind1=" " ind2="7" tag="651"><subfield code="a">South Carolina</subfield><subfield code="z">Florence County.</subfield><subfield code="2">fast</subfield><subfield code="0">(OCoLC)fst01215700</subfield></datafield><datafield ind1=" " ind2=" " tag="752"><subfield code="a">United States</subfield><subfield code="b">South Carolina</subfield><subfield code="c">Florence</subfield><subfield code="d">Scranton.</subfield></datafield></record>